<record><leader>00000cas a22000007a 4500</leader><controlfield tag="001">25562514</controlfield><controlfield tag="008">920331d189719uunyuwr ne      0    0eng d</controlfield><datafield ind1=" " ind2=" " tag="010"><subfield code="a">sn 92061509 </subfield></datafield><datafield ind1=" " ind2=" " tag="040"><subfield code="a">NYS</subfield><subfield code="b">eng</subfield><subfield code="c">NYS</subfield><subfield code="d">OCLCQ</subfield></datafield><datafield ind1=" " ind2=" " tag="042"><subfield code="a">msc</subfield></datafield><datafield ind1="0" ind2=" " tag="130"><subfield code="a">Hudson weekly gazette (Hudson, N.Y. : 1897)</subfield></datafield><datafield ind1="1" ind2="0" tag="245"><subfield code="a">Hudson weekly gazette.</subfield></datafield><datafield ind1="3" ind2="0" tag="246"><subfield code="a">Hudson gazette</subfield></datafield><datafield ind1="1" ind2="7" tag="246"><subfield code="a">Weekly gazette</subfield></datafield><datafield ind1=" " ind2=" " tag="260"><subfield code="a">Hudson, Columbia County, N.Y. :</subfield><subfield code="b">Record Print. and Pub. Co.,</subfield><subfield code="c">1897-</subfield></datafield><datafield ind1=" " ind2=" " tag="300"><subfield code="a">v. ;</subfield><subfield code="c">55-58 cm.</subfield></datafield><datafield ind1=" " ind2=" " tag="310"><subfield code="a">Weekly</subfield></datafield><datafield ind1="0" ind2=" " tag="362"><subfield code="a">Vol. 113, no. 4 (Apr. 29, 1897)-</subfield></datafield><datafield ind1=" " ind2=" " tag="500"><subfield code="a">"Weekly" appears within masthead ornament.</subfield></datafield><datafield ind1=" " ind2=" " tag="500"><subfield code="a">"Official Paper of the County."</subfield></datafield><datafield ind1=" " ind2=" " tag="500"><subfield code="a">Published on Thursday.</subfield></datafield><datafield ind1=" " ind2=" " tag="580"><subfield code="a">Daily ed.: Hudson evening register.</subfield></datafield><datafield ind1=" " ind2=" " tag="588"><subfield code="a">Latest issue consulted: Vol. 141, no. 52 (Apr. 22, 1926).</subfield></datafield><datafield ind1=" " ind2="4" tag="651"><subfield code="a">Hudson (N.Y.)</subfield><subfield code="v">Newspapers.</subfield></datafield><datafield ind1=" " ind2=" " tag="752"><subfield code="a">United States</subfield><subfield code="b">New York</subfield><subfield code="c">Columbia</subfield><subfield code="d">Hudson.</subfield></datafield><datafield ind1="1" ind2=" " tag="775"><subfield code="t">Hudson evening register</subfield><subfield code="w">(DLC)sn 83031091</subfield><subfield code="w">(OCoLC)9775634</subfield></datafield><datafield ind1="0" ind2="0" tag="780"><subfield code="t">Hudson weekly gazette and Hudson weekly record</subfield><subfield code="w">(DLC)sn 92061508</subfield><subfield code="w">(OCoLC)25562345</subfield></datafield><datafield ind1="1" ind2=" " tag="029"><subfield code="a">AU@</subfield><subfield code="b">000020692596</subfield></datafield></record>